 
@inproceedings{CloSpan,
    title         = "{CloSpan}: Mining closed sequential patterns in large datasets",
    author        = "X. Yan and J. Han and R. Afshar",
    booktitle     = "Proc. of the Third SIAM International Conference on Data Mining",
    volume        = "",
    number        = "",
    pages         = "166-177",
    month         = "",
    year          = "2003",
    address       = "",
    publisher     = "",
    isbn          = "",
    url           = "",
};

@inproceedings{miner,
    title         = "{C-Miner}: Mining Block Correlations in Storage Systems",
    author        = "Z. Li and Z. Chen and S. M. Srinivasan and Y. Zhou",
    booktitle     = "Proc. of the 3rd USENIX Conference on File and Storage Technologies",
    volume        = "",
    number        = "",
    pages         = "173-186",
    month         = "April",
    year          = "2004",
    address       = "San Francisco, CA",
    publisher     = "",
    isbn          = "",
    url           = "",
};


@misc{HDD_Seagate_4TB,
    title         = "Desktop {HDD ST4000DM000} Specification",
    author        = "Seagate",
    address       = "",
    month         = "",
    year          = "2012",
    howpublished           = "[online] available: \url{http://www.seagate.com/internal-hard-drives/desktop-hard-drives/desktop-hdd/}"
    note= "[online] available: \url{http://www.seagate.com/internal-hard-drives/desktop-hard-drives/desktop-hdd/}"
};

@misc{SSD_Samsung_512GB,
    title         = "512GB 2.5-inch {SSD} 840 pro Series",
    author        = "Samsung",
    address       = "",
    month         = "",
    year          = "2012",
    howpublished           = "[online] available: \url{http://www.samsung.com/us/computer/memory-storage/MZ-7PD512BW-specs}"
    note= "[online] available: \url{http://www.samsung.com/us/computer/memory-storage/MZ-7PD512BW-specs}"
};




@article{DingdingLi_virtualized_2013,
   author = {Dingding Li and Xiaofei Liao and Hai Jin and Bingbing Zhou and Qi Zhang},
   title = {A New Disk {I/O} Model of Virtualized Cloud Environment},
   journal ={Proceedings of the IEEE Transactions on Parallel and Distributed Systems},
   issue_date = {Aug. 1984},
   volume = {24},
   number = {6},
   month = {june},
   year = {2013},
   issn = {1045-9219},
   pages = {1129--1138},
   numpages = {10},
   DONOTUSEurl = {http://www.computer.org/csdl/trans/td/2013/06/ttd2013061129-abs.html},
   doi = {http://doi.ieeecomputersociety.org/10.1109/TPDS.2012.321},
   NOaddress = {Los Alamitos, CA, USA},
} 


@inproceedings{kivity2007kvm,
    title={kvm: the Linux virtual machine monitor},
    author={Kivity, Avi and Kamay, Yaniv and Laor, Dor and Lublin, Uri and Liguori, Anthony},
    booktitle={Proceedings of the Linux Symposium},
    volume={1},
    pages={225--230},
    year={2007}
}

@inproceedings{grancher2010oracle,
    title={Oracle and storage IOs, explanations and experience at CERN},
    author={Grancher, Eric},
    booktitle={Proceedings of the Journal of Physics: Conference Series},
    volume={219},
    number={5},
    WHATpages={052004},
    year={2010},
    organization={IOP Publishing}
}



 
@inproceedings{jeong_smartphone_atc13, 
 author = {Sooman Jeong and Kisung Lee and Seongjin Lee and Seoungbum Son and Youjip Won}, 
 title = {{{I/O} Stack Optimization for Smartphones}}, 
 booktitle = {2013 USENIX Annual Technical Conference (USENIX ATC '13)}, 
 iseries = {ATC'13}, 
 year = {2013}, 
 location = {San Jose, CA}, 
 pages = {309--320}, 
 numpages = {12}, 
 url = {https://www.usenix.org/conference/atc13/io-stack-optimization-smartphones}, 
 publisher = {USENIX Association}, 
}  


@inproceedings{lee2012smart,
    title={Smart layers and dumb result: IO characterization of an android-based smartphone},
    author={Lee, Kisung and Won, Youjip},
    booktitle={Proceedings of the tenth ACM international conference on Embedded software},
    pages={23--32},
    year={2012},
}

